@article{launonen2018naturalness,
  title={The Naturalness of Religion: What It Means and Why It Matters},
  author={Launonen, Lari},
  journal={Neue Zeitschrift f{\"u}r Systematische Theologie und Religionsphilosophie},
  volume={60},
  number={1},
  pages={84--102},
  year={2018},
  publisher={De Gruyter}
}


@article{peoples2016hunter,
  title={Hunter-gatherers and the origins of religion},
  author={Peoples, Hervey C and Duda, Pavel and Marlowe, Frank W},
  journal={Human Nature},
  volume={27},
  number={3},
  pages={261--282},
  year={2016},
  publisher={Springer}
}


@article{rose20155o,
  title={5O years of neuroscience},
  author={Rose, Steven},
  journal={The Lancet},
  volume={385},
  number={9968},
  pages={598--599},
  year={2015},
  publisher={Elsevier}
}


@Book{xie2015,
  title = {Dynamic Documents with {R} and knitr},
  author = {Yihui Xie},
  publisher = {Chapman and Hall/CRC},
  address = {Boca Raton, Florida},
  year = {2015},
  edition = {2nd},
  note = {ISBN 978-1498716963},
  url = {http://yihui.name/knitr/},
}


@book{lequellec2013jung,
  title={La Jung et les arch{\'e}types: Un mythe contemporain},
  author={Le Quellec, Jean-Lo{\"\i}c},
  year={2013},
  publisher={Sciences Humaines}
}


@book{papadopoulos2012,
	doi = {10.4324/9780203489680},
	url = {https://doi.org/10.4324%2F9780203489680},
	year = 2012,
	month = {oct},
	publisher = {Routledge},
	editor = {Renos K. Papadopoulos},
	title = {The Handbook of Jungian Psychology}
}



@Book{feist2009theories,
  title={Theories of personality},
  author={Feist, Jess and Feist, Gregory J},
  year={2009},
  publisher={McGraw Hill Higher Education Boston, MA}
}

@book{borch2005livre,
  title={Le livre noir de la psychanalyse. Vivre, penser et aller mieux sans Freud},
  author={Borch-Jacobsen, Mikkel and Cottraux, Jean and Pleux, Didier and Van Rillaer, Jacques and Meyer, Catherine and Ar{\`e}nes, Les},
  journal={Paris: Les Ar{\`e}nes},
  year={2005}
}

@book{richardson2001british,
  title={British Romanticism and the Science of the Mind},
  author={Richardson, Alan},
  volume={47},
  year={2001},
  publisher={Cambridge University Press}
}

@book{mark2001hero,
  title={The Hero and the Outlaw: Building Extraordinary Brands Through the Power of Archetypes},
  author={Mark, Margaret and Pearson, Carol S},
  year={2001},
  publisher={McGraw-Hill Education}
}


@book{samuels2003jung,
  title={Jung and the post-Jungians},
  author={Samuels, Andrew},
  year={2003},
  publisher={Routledge}
}

@book{moore1991king,
  title={King, warrior, magician, lover},
  author={Moore, Robert L and Gillette, Douglas},
  year={1991},
  publisher={HarperCollins San Francisco}
}


@article{rossi1977cerebral,
  title={The cerebral hemispheres in analytical psychology},
  author={Rossi, Ernest},
  journal={Journal of Analytical Psychology},
  volume={22},
  number={1},
  pages={32--51},
  year={1977},
  publisher={Wiley InterScience}
}



@Book{jung1964approaching,
  title={Approaching the unconscious},
  author={Jung, Carl G and others},
  journal={Man and his symbols},
  pages={1--94},
  year={1964},
  publisher={New York, NY}
}


@book{campbell1949hero,
  title={The hero with a thousand faces},
  author={Campbell, Joseph},
  year={1949},
  publisher={New World Library}
}